<record><leader>00000cas a2200000 a 4500</leader><controlfield tag="001">27760092</controlfield><controlfield tag="008">930318d19uu19uuiluwr ne      0   a0eng c</controlfield><datafield ind1=" " ind2=" " tag="010"><subfield code="a">sn 93055543 </subfield></datafield><datafield ind1=" " ind2=" " tag="040"><subfield code="a">NVF</subfield><subfield code="b">eng</subfield><subfield code="c">NVF</subfield><subfield code="d">OCLCQ</subfield><subfield code="d">NVF</subfield><subfield code="d">OCLCQ</subfield><subfield code="d">NVF</subfield><subfield code="d">OCLCO</subfield><subfield code="d">OCLCF</subfield></datafield><datafield ind1=" " ind2=" " tag="042"><subfield code="a">pcc</subfield></datafield><datafield ind1=" " ind2=" " tag="043"><subfield code="a">n-us-il</subfield></datafield><datafield ind1="0" ind2="0" tag="245"><subfield code="a">Roseville times-citizen.</subfield></datafield><datafield ind1="1" ind2="7" tag="246"><subfield code="a">Bushnell market-reporter</subfield></datafield><datafield ind1="3" ind2=" " tag="246"><subfield code="a">Roseville times citizen</subfield></datafield><datafield ind1="3" ind2=" " tag="246"><subfield code="a">Bushnell market reporter</subfield></datafield><datafield ind1=" " ind2=" " tag="260"><subfield code="a">Roseville, Warren County, Ill. :</subfield><subfield code="b">E.J. Clarke</subfield></datafield><datafield ind1=" " ind2=" " tag="300"><subfield code="a">volumes</subfield></datafield><datafield ind1=" " ind2=" " tag="310"><subfield code="a">Weekly,</subfield><subfield code="b">June 1, 1933-&lt;Nov. 23, 1939&gt;</subfield></datafield><datafield ind1=" " ind2=" " tag="321"><subfield code="a">Semiweekly,</subfield><subfield code="b">&lt;Jan. 3, 1913&gt;-May 25, 1933</subfield></datafield><datafield ind1=" " ind2=" " tag="500"><subfield code="a">Semiweekly: both issues per week have the same issue number, with the Friday issue number differentiated by the addition of "-2" to it.</subfield></datafield><datafield ind1=" " ind2=" " tag="588"><subfield code="a">Description based on: 36th year, no. 17-2 (Jan. 3, 1913).</subfield></datafield><datafield ind1=" " ind2=" " tag="588"><subfield code="a">Latest issue consulted: Nov. 23, 1939.</subfield></datafield><datafield ind1=" " ind2="0" tag="651"><subfield code="a">Roseville (Ill.)</subfield><subfield code="v">Newspapers.</subfield></datafield><datafield ind1=" " ind2="0" tag="651"><subfield code="a">Bushnell (Ill.)</subfield><subfield code="v">Newspapers.</subfield></datafield><datafield ind1=" " ind2="7" tag="655"><subfield code="a">Newspapers.</subfield><subfield code="2">fast</subfield><subfield code="0">(OCoLC)fst01423814</subfield></datafield><datafield ind1=" " ind2="7" tag="651"><subfield code="a">Illinois</subfield><subfield code="z">Bushnell.</subfield><subfield code="2">fast</subfield><subfield code="0">(OCoLC)fst01227024</subfield></datafield><datafield ind1=" " ind2="7" tag="651"><subfield code="a">Illinois</subfield><subfield code="z">Roseville.</subfield><subfield code="2">fast</subfield><subfield code="0">(OCoLC)fst01926161</subfield></datafield><datafield ind1=" " ind2=" " tag="752"><subfield code="a">United States</subfield><subfield code="b">Illinois</subfield><subfield code="c">Warren County</subfield><subfield code="d">Roseville.</subfield></datafield><datafield ind1="0" ind2="0" tag="780"><subfield code="t">Times-citizen</subfield><subfield code="w">(DLC)sn 93055542</subfield><subfield code="w">(OCoLC)27760021</subfield></datafield><datafield ind1="0" ind2="5" tag="780"><subfield code="t">Roseville independent</subfield></datafield></record>